@inproceedings{stjernman2006antenna,
  title={Antenna mutual coupling effects on correlation, efficiency and Shannon capacity},
  author={Stjernman, Anders},
  booktitle={Antennas and Propagation, 2006. EuCAP 2006. First European Conference on},
  pages={1--6},
  year={2006},
  organization={IEEE}
}

@article{leivo2009improving,
  title={Improving the performance of strongly coupled antennas using a compensating transmission line network},
  author={Leivo, Janne and Vukusic, Tin},
  year={2009},
  publisher={Chalmers University of Technology}
}


@inproceedings{hornby2006alps,
  title={ALPS: the age-layered population structure for reducing the problem of premature convergence},
  author={Hornby, Gregory S},
  booktitle={Proceedings of the 8th annual conference on Genetic and evolutionary computation},
  pages={815--822},
  year={2006},
  organization={ACM}
}


@article{banzhaf1997genetic,
  title={Genetic Programming: An Introduction: On the Automatic Evolution of Computer Programs and Its Applications (The Morgan Kaufmann Series in Artificial Intelligence)},
  author={Banzhaf, Wolfgang and Nordin, Peter and Keller, Robert E and Francone, Frank D},
  year={1997},
  publisher={$\{$Morgan Kaufmann Publishers$\}$}
}


@book{haupt2007genetic,
  title={Genetic algorithms in electromagnetics},
  author={Haupt, Randy L and Werner, Douglas H},
  year={2007},
  publisher={Wiley. com}
}


@article{sexton1999optimization,
  title={Optimization of neural networks: A comparative analysis of the genetic algorithm and simulated annealing},
  author={Sexton, Randall S and Dorsey, Robert E and Johnson, John D},
  journal={European Journal of Operational Research},
  volume={114},
  number={3},
  pages={589--601},
  year={1999},
  publisher={Elsevier}
}

@article{davis1987genetic,
  title={Genetic algorithms and simulated annealing},
  author={Davis, Lawrence},
  year={1987},
  publisher={Morgan Kaufman Publishers, Inc., Los Altos, CA}
}


@book{eiben2010introduction,
  title={Introduction to evolutionary computing},
  author={Eiben, Agosten E and Smith, James E},
  volume={2},
  year={2010},
  publisher={Springer Berlin}
}

@book{schwefel1977numerische,
  title={Numerische Optimierung von Computer-Modellen mittels der Evolutionsstrategie: mit einer vergleichenden Einf{\"u}hrung in die Hill-Climbing-und Zufallsstrategie},
  author={Schwefel, Hans-Paul},
  year={1977},
  publisher={Birkh{\"a}user Basel}
}

@article{ben2004computing,
  title={Computing the initial temperature of simulated annealing},
  author={Ben-Ameur, Walid},
  journal={Computational Optimization and Applications},
  volume={29},
  number={3},
  pages={369--385},
  year={2004},
  publisher={Springer}
}

@incollection{xu1990improved,
  title={Improved simulated annealing, Boltzmann machine, and attributed graph matching},
  author={Xu, Lei and Oja, Erkki},
  booktitle={Neural Networks},
  pages={151--160},
  year={1990},
  publisher={Springer}
}

@inproceedings{rahola2006optimal,
  title={Optimal antenna placement for mobile terminals using characteristic mode analysis},
  author={Rahola, Jussi and Ollikainen, Jani},
  booktitle={Antennas and Propagation, 2006. EuCAP 2006. First European Conference on},
  pages={1--6},
  year={2006},
  organization={IEEE}
}

@book{holland1975adaptation,
  title={Adaptation in natural and artificial systems: An introductory analysis with applications to biology, control, and artificial intelligence.},
  author={Holland, John H},
  year={1975},
  publisher={U Michigan Press}
}

@techreport{linden1997automated,
  title={Automated Design and Optimization of Wire Antennas Using Genetic Algorithms.},
  author={Linden, Derek S},
  year={1997},
  institution={DTIC Document}
}
@inproceedings{lohn2005evolutionary,
  title={Evolutionary design of a single-wire circularly-polarized X-band antenna for NASA's Space Technology 5 mission},
  author={Lohn, Jason D and Linden, Derek S and Hornby, Gregory S and Rodriguez-Arroyo, Adan and Seufert, Stephen E and Blevins, Bruce and Greenling, Thomas},
  booktitle={Antennas and Propagation Society International Symposium, 2005 IEEE},
  volume={2},
  pages={267--270},
  year={2005},
  organization={IEEE}
}
@inproceedings{linden2000wire,
  title={Wire antennas optimized in the presence of satellite structures using genetic algorithms},
  author={Linden, Derek S},
  booktitle={Aerospace Conference Proceedings, 2000 IEEE},
  volume={5},
  pages={91--99},
  year={2000},
  organization={IEEE}
}

@inproceedings{famdie2007optimal,
  title={Optimal antenna location on mobile phones chassis based on the numerical analysis of characteristic modes},
  author={Famdie, Celestin Tamgue and Schroeder, Werner L and Solbach, Klaus},
  booktitle={Microwave Conference, 2007. European},
  pages={987--990},
  year={2007},
  organization={IEEE}
}

@article{raisanen2005comparison,
  title={Comparison and evaluation of multiple objective genetic algorithms for the antenna placement problem},
  author={Raisanen, Larry and Whitaker, Roger M},
  journal={Mobile Networks and Applications},
  volume={10},
  number={1-2},
  pages={79--88},
  year={2005},
  publisher={Springer}
}

@article{tange2011gnu,
  title={GNU parallel-the command-line power tool},
  author={Tange, Ole},
  journal={login: The USENIX Magazine},
  pages={42--47},
  year={2011}
}

@article{burke1981numerical,
  title={Numerical Electromagnetics Code (NEC)-Method of Moments, Part III: User's Guide},
  author={Burke, GJ and Poggio, AJ},
  journal={Lawrence Livermore National Laboratory},
  number={1},
  year={1981}
}

@article{pokharel2003numerical,
  title={Numerical electromagnetic analysis of lightning-induced voltage over ground of finite conductivity},
  author={Pokharel, Ramesh K and Ishii, Masaru and Baba, Yoshihiro},
  journal={Electromagnetic Compatibility, IEEE Transactions on},
  volume={45},
  number={4},
  pages={651--656},
  year={2003},
  publisher={IEEE}
}


@article{miller1995genetic,
  title={Genetic Algorithms, Tournament Selection, and the E ects of Noise},
  author={Miller, Brad L and Goldberg, David E},
  journal={Urbana},
  volume={51},
  pages={61801},
  year={1995},
  publisher={Citeseer}
}
@article{miranda1994genetic,
  title={Genetic algorithms in optimal multistage distribution network planning},
  author={Miranda, Vladimiro and Ranito, JV and Proenca, Luis Miguel},
  journal={Power Systems, IEEE Transactions on},
  volume={9},
  number={4},
  pages={1927--1933},
  year={1994},
  publisher={IEEE}
}

@inproceedings{skalak1994prototype,
  title={Prototype and Feature Selection by Sampling and Random Mutation Hill Climbing Algorithms.},
  author={Skalak, David B},
  booktitle={ICML},
  pages={293--301},
  year={1994},
  organization={Citeseer}
}
@inproceedings{xi2004smart,
  title={A smart hill-climbing algorithm for application server configuration},
  author={Xi, Bowei and Liu, Zhen and Raghavachari, Mukund and Xia, Cathy H and Zhang, Li},
  booktitle={Proceedings of the 13th international conference on World Wide Web},
  pages={287--296},
  year={2004},
  organization={ACM}
}

@book{michalewicz2000escaping,
  title={Escaping Local Optima},
  author={Michalewicz, Zbigniew and Fogel, David B},
  year={2000},
  publisher={Springer}
}

@inproceedings{borghoff2011hill,
  title={Hill climbing algorithms and trivium},
  author={Borghoff, Julia and Knudsen, Lars R and Matusiewicz, Krystian},
  booktitle={Selected Areas in Cryptography},
  pages={57--73},
  year={2011},
  organization={Springer}
}


@book{mitchell,
 author = {Mitchell, Thomas M.},
 title = {Machine Learning},
 year = {1997},
 edition = {1},
 publisher = {McGraw-Hill, Inc.},
 address = {New York, NY, USA},
} 


@article{zitzler2000comparison,
  title={Comparison of multiobjective evolutionary algorithms: Empirical results},
  author={Zitzler, Eckart and Deb, Kalyanmoy and Thiele, Lothar},
  journal={Evolutionary computation},
  volume={8},
  number={2},
  pages={173--195},
  year={2000},
  publisher={MIT Press}
}

@article{rudolph2001evolutionary,
  title={Evolutionary search under partially ordered sets},
  author={Rudolph, G},
  journal={Dept. Comput. Sci./LS11, Univ. Dortmund, Dortmund, Germany, Tech. Rep. CI-67/99},
  year={1999}
}

@book{rahmat1999electromagnetic,
  title={Electromagnetic optimization by genetic algorithms},
  author={Rahmat-Samii, Yahya and Michielssen, Eric},
  year={1999},
  publisher={John Wiley \& Sons, Inc.}
}
@article{fogel1994introduction,
  title={An introduction to simulated evolutionary optimization},
  author={Fogel, David B},
  journal={Neural Networks, IEEE Transactions on},
  volume={5},
  number={1},
  pages={3--14},
  year={1994},
  publisher={IEEE}
}
@article{topa2011using,
  title={Using GPU with CUDA to accelerate MoM-based electromagnetic simulation of wire-grid models},
  author={Topa, Tomasz and Karwowski, Andrzej and Noga, Artur},
  journal={Antennas and Wireless Propagation Letters, IEEE},
  volume={10},
  pages={342--345},
  year={2011},
  publisher={IEEE}
}


@article{valls2008hybrid,
  title={A hybrid genetic algorithm for the resource-constrained project scheduling problem},
  author={Valls, Vicente and Ballestin, Francisco and Quintanilla, Sacramento},
  journal={European Journal of Operational Research},
  volume={185},
  number={2},
  pages={495--508},
  year={2008},
  publisher={Elsevier}
}
@article{pan2008discrete,
  title={A discrete differential evolution algorithm for the permutation flowshop scheduling problem},
  author={Pan, Quan-Ke and Tasgetiren, Mehmet Fatih and Liang, Yun-Chia},
  journal={Computers \& Industrial Engineering},
  volume={55},
  number={4},
  pages={795--816},
  year={2008},
  publisher={Elsevier}
}

